@book{CapersJones1,
author = {{Capers Jones}},
publisher = {McGraw-Hill},
title = {{Applied Software Measurement: Global Analysis of Productivity and Quality}},
year = {2008}
}
@book{Compuware1,
author = {{Compuware}},
title = {{Applied Performance Management Survey}},
year = {2007}
}
@book{Shahamiri1,
author = {{Shahamiri, S.R.},{Kadir, W.M.N.W.},{Mohd-Hashim, S.Z.}},
title = {{A Comparative Study on Automated Software Test Oracle Methods}},
publisher = {ICSEA},
year = {2009}
}
@book{Wu1,
author = {{Wu, Haishan},{Asser N. Tantawi},{Tao Yu}},
title = {{A Self-Optimizing Workload Management Solution for Cloud Applications}},
year = {2012}
}

